<record><leader>00000cas a2200000 a 4500</leader><controlfield tag="001">25161694</controlfield><controlfield tag="008">920124d19581962iludn ne      0   a0eng c</controlfield><datafield ind1=" " ind2=" " tag="010"><subfield code="a">sn 91054236 </subfield></datafield><datafield ind1=" " ind2=" " tag="040"><subfield code="a">NVF</subfield><subfield code="b">eng</subfield><subfield code="c">NVF</subfield><subfield code="d">OCLCQ</subfield><subfield code="d">NVF</subfield><subfield code="d">OCLCQ</subfield><subfield code="d">NVF</subfield><subfield code="d">OCLCF</subfield><subfield code="d">OCLCO</subfield></datafield><datafield ind1="1" ind2=" " tag="029"><subfield code="a">AU@</subfield><subfield code="b">000025871213</subfield></datafield><datafield ind1=" " ind2=" " tag="042"><subfield code="a">pcc</subfield></datafield><datafield ind1=" " ind2=" " tag="043"><subfield code="a">n-us-il</subfield></datafield><datafield ind1="0" ind2="0" tag="245"><subfield code="a">Belleville news-Democrat and Belleville daily advocate.</subfield></datafield><datafield ind1="1" ind2="7" tag="246"><subfield code="a">News-Democrat of Belleville, Illinois</subfield><subfield code="f">&lt;July 1-Sept. 30, 1960&gt;</subfield></datafield><datafield ind1="1" ind2="3" tag="246"><subfield code="a">Belleville news-Democrat and daily advocate</subfield><subfield code="f">&lt;July 1-Sept. 30, 1960&gt;</subfield></datafield><datafield ind1="3" ind2=" " tag="246"><subfield code="a">Belleville news Democrat and Belleville daily advocate</subfield></datafield><datafield ind1="3" ind2=" " tag="246"><subfield code="a">News Democrat of Belleville, Illinois</subfield></datafield><datafield ind1="3" ind2=" " tag="246"><subfield code="a">Belleville news Democrat and daily advocate</subfield></datafield><datafield ind1=" " ind2=" " tag="260"><subfield code="a">Belleville, Ill. :</subfield><subfield code="b">Robert L. Kern,</subfield><subfield code="c">1958-1962.</subfield></datafield><datafield ind1=" " ind2=" " tag="300"><subfield code="a">v.</subfield></datafield><datafield ind1=" " ind2=" " tag="310"><subfield code="a">Daily (except Sunday)</subfield></datafield><datafield ind1="0" ind2=" " tag="362"><subfield code="a">Vol. 103, no. 259 (Nov. 3, 1958)-v. 107, no. 249 (Oct. 22, 1962).</subfield></datafield><datafield ind1=" " ind2=" " tag="580"><subfield code="a">Formed by the union of: Belleville news-Democrat (Belleville, Ill. : 1945), and: Belleville daily advocate.</subfield></datafield><datafield ind1=" " ind2="0" tag="651"><subfield code="a">Belleville (Ill.)</subfield><subfield code="v">Newspapers.</subfield></datafield><datafield ind1=" " ind2="7" tag="655"><subfield code="a">Newspapers.</subfield><subfield code="2">fast</subfield><subfield code="0">(OCoLC)fst01423814</subfield></datafield><datafield ind1=" " ind2="7" tag="651"><subfield code="a">Illinois</subfield><subfield code="z">Belleville.</subfield><subfield code="2">fast</subfield><subfield code="0">(OCoLC)fst01202799</subfield></datafield><datafield ind1=" " ind2=" " tag="752"><subfield code="a">United States</subfield><subfield code="b">Illinois</subfield><subfield code="c">Saint Clair</subfield><subfield code="d">Belleville.</subfield></datafield><datafield ind1="1" ind2="4" tag="780"><subfield code="t">Belleville news-Democrat (Belleville, Ill. : 1945)</subfield><subfield code="w">(DLC)sn 87062312</subfield><subfield code="w">(OCoLC)16401434</subfield></datafield><datafield ind1="1" ind2="4" tag="780"><subfield code="t">Belleville daily advocate</subfield><subfield code="w">(DLC)sn 91054235</subfield><subfield code="w">(OCoLC)25161141</subfield></datafield><datafield ind1="0" ind2="0" tag="785"><subfield code="t">Belleville news-Democrat (Belleville, Ill. : 1962)</subfield><subfield code="w">(DLC)sn 91054244</subfield><subfield code="w">(OCoLC)25161783</subfield></datafield></record>